@inproceedings{Lang2017,
    author = {Langley, Adam and Riddoch, Alistair and Wilk, Alyssa and Vicente, Antonio and Krasic, Charles and Zhang, Dan and Yang, Fan and Kouranov, Fedor and Swett, Ian and Iyengar, Janardhan and Bailey, Jeff and Dorfman, Jeremy and Roskind, Jim and Kulik, Joanna and Westin, Patrik and Tenneti, Raman and Shade, Robbie and Hamilton, Ryan and Vasiliev, Victor and Chang, Wan-Teh and Shi, Zhongyi},
    title = {{The QUIC Transport Protocol: Design and Internet-Scale Deployment}},
    year = {2017},
    isbn = {9781450346535},
    publisher = {Association for Computing Machinery},
    address = {New York, NY, USA},
    url = {https://doi.org/10.1145/3098822.3098842},
    doi = {10.1145/3098822.3098842},
    booktitle = {Proceedings of the Conference of the ACM Special Interest Group on Data Communication},
    pages = {183–196},
    numpages = {14},
    location = {Los Angeles, CA, USA},
    series = {SIGCOMM '17}
}

@inproceedings{D-Lav2021,
  author={Delignat-Lavaud, Antoine and Fournet, Cédric and Parno, Bryan and Protzenko, Jonathan and Ramananandro, Tahina and Bosamiya, Jay and Lallemand, Joseph and Rakotonirina, Itsaka and Zhou, Yi},
  booktitle={2021 IEEE Symposium on Security and Privacy (SP)}, 
  title={A Security Model and Fully Verified Implementation for the IETF QUIC Record Layer}, 
  year={2021},
  pages={1162-1178},
  doi={10.1109/SP40001.2021.00039}
}

@InProceedings{Ruth2018,
    author= {R{\"u}th, Jan and Poese, Ingmar and Dietzel, Christoph and Hohlfeld, Oliver},
    editor= {Beverly, Robert and Smaragdakis, Georgios and Feldmann, Anja},
    title= {{A First Look at QUIC in the Wild}},
    booktitle= {Passive and Active Measurement},
    year= {2018},
    publisher= {Springer International Publishing},
    address= {Cham},
    pages= {255--268},
    isbn= {978-3-319-76481-8}
}

@inproceedings{Yu2021,
    author = {Yu, Alexander and Benson, Theophilus A.},
    title = {{Dissecting Performance of Production QUIC}},
    year = {2021},
    isbn = {9781450383127},
    publisher = {Association for Computing Machinery},
    address = {New York, NY, USA},
    url = {https://doi.org/10.1145/3442381.3450103},
    doi = {10.1145/3442381.3450103},
    booktitle = {Proceedings of the Web Conference 2021},
    pages = {1157–1168},
    numpages = {12},
    keywords = {Congestion Control, HTTP/3, Multiplexing, QUIC, Transport Protocol},
    location = {Ljubljana, Slovenia},
    series = {WWW '21}
}

@inproceedings{Soni2021,
    author= {Soni, Mukesh and Rajput, Brajendra Singh},
    editor= {Kotecha, Ketan and Piuri, Vincenzo and Shah, Hetalkumar N.
    and Patel, Rajan},
    title= {{Security and Performance Evaluations of QUIC Protocol}},
    booktitle= {Data Science and Intelligent Applications},
    year= {2021},
    publisher= {Springer},
    address= {Singapore},
    pages= {457--462},
    isbn= {978-981-15-4474-3}
}

@misc{Resc2018,
    series =    {Request for Comments},
    number =    8446,
    howpublished =  {RFC 8446},
    publisher = {RFC Editor},
    doi =       {10.17487/RFC8446},
    url =       {https://www.rfc-editor.org/info/rfc8446},
    author =    {Eric Rescorla},
    title =     {{The Transport Layer Security (TLS) Protocol Version 1.3}},
    pagetotal = 160,
    year =      2018,
    month =     aug,
}

@misc{Iyen2021,
    series =    {Request for Comments},
    number =    9000,
    howpublished =  {RFC 9000},
    publisher = {RFC Editor},
    doi =       {10.17487/RFC9000},
    url =       {https://www.rfc-editor.org/info/rfc9000},
    author =    {Jana Iyengar and Martin Thomson},
    title =     {{QUIC: A UDP-Based Multiplexed and Secure Transport}},
    pagetotal = 151,
    year =      2021,
    month =     may,
}

@misc{Thom2020,
    series =    {Request for Comments},
    number =    9001,
    howpublished =  {RFC 9001},
    publisher = {RFC Editor},
    doi =       {10.17487/RFC9001},
    url =       {https://www.rfc-editor.org/info/rfc9001},
    author =    {Martin Thomson and Sean Turner},
    title =     {{Using TLS to Secure QUIC}},
    pagetotal = 52,
    year =      2021,
    month =     may,
}

@inproceedings{Roch2020,
  title={TCPLS: Closely Integrating TCP and TLS},
  author={Rochet, Florentin and Assogba, Emery and Bonaventure, Olivier},
  booktitle={Proceedings of the 19th ACM Workshop on Hot Topics in Networks},
  pages={45--52},
  year={2020}
}

@misc{Cheng2014,
    series =    {Request for Comments},
    number =    7413,
    howpublished =  {RFC 7413},
    publisher = {RFC Editor},
    doi =       {10.17487/RFC7413},
    url =       {https://www.rfc-editor.org/info/rfc7413},
    author =    {Yuchung Cheng and Jerry Chu and Sivasankar Radhakrishnan and Arvind Jain},
    title =     {{TCP Fast Open}},
    pagetotal = 26,
    year =      2014,
    month =     dec,
}

@article{Egge2000,
    author = {Eggert, Lars and Heidemann, John and Touch, Joe},
    title = {{Effects of ensemble-TCP}},
    year = {2000},
    issue_date = {January 2000},
    publisher = {Association for Computing Machinery},
    address = {New York, NY, USA},
    volume = {30},
    number = {1},
    issn = {0146-4833},
    url = {https://doi.org/10.1145/505688.505691},
    doi = {10.1145/505688.505691},
    journal = {SIGCOMM Comput. Commun. Rev.},
    month = {jan},
    pages = {15–29},
    numpages = {15}
}

@InProceedings{McGrew2005,
    author= {McGrew, David A. and Viega, John},
    editor= {Canteaut, Anne and Viswanathan, Kapaleeswaran},
    title= {{The Security and Performance of the Galois/Counter Mode (GCM) of Operation}},
    booktitle= {Progress in Cryptology - INDOCRYPT 2004},
    year= {2005},
    publisher= {Springer},
    address= {Berlin, Heidelberg},
    pages= {343--355},
    isbn= {978-3-540-30556-9},
    doi = {https://doi.org/10.1007/978-3-540-30556-9_27}
}

@INPROCEEDINGS{Siman2023,
  author={Simanjuntak, Peter Jaya Negara and Sawaluddin and Zamzami, Elviawaty Muiza},
  booktitle={2023 IEEE 7th International Conference on Information Technology, Information Systems and Electrical Engineering (ICITISEE)}, 
  title={{Comparison of ECDHE-ECDSA and ECDHE-RSA on SSL/TSL}}, 
  year={2023},
  volume={},
  number={},
  pages={263-267},
  keywords={Ciphers;Authentication;Data processing;Data communication;Information technology;Monitoring;Information systems;Cipher Suites;ECC;ESP32;SSL/TLS},
  doi={10.1109/ICITISEE58992.2023.10404441}
}

@INPROCEEDINGS{Zhou2011,
  author={Xin Zhou and Xiaofei Tang},
  booktitle={Proceedings of 2011 6th International Forum on Strategic Technology}, 
  title={{Research and implementation of RSA algorithm for encryption and decryption}}, 
  year={2011},
  volume={2},
  number={},
  pages={1118-1121},
  keywords={Cryptography;Algorithm design and analysis;RSA algorithm;encryption;decryption},
  doi={10.1109/IFOST.2011.6021216},
  publisher = {IEEE}
}

@article{John2001,
  title={{The Elliptic Curve Digital Signature Algorithm (ECDSA)}},
  author={Johnson, Don and Menezes, Alfred and Vanstone, Scott},
  journal={{International Journal of Information Security}},
  volume={1},
  pages={36--63},
  year={2001},
  month =     aug,
  publisher={Springer},
  issn =  {1615-5262},
  url = {https://doi.org/10.1007/s102070100002},
  doi = {10.1007/s102070100002}
}

@misc{Nir2018,
    series =    {Request for Comments},
    number =    8439,
    howpublished =  {RFC 8439},
    publisher = {RFC Editor},
    doi =       {10.17487/RFC8439},
    url =       {https://www.rfc-editor.org/info/rfc8439},
    author =    {Yoav Nir and Adam Langley},
    title =     {{ChaCha20 and Poly1305 for IETF Protocols}},
    pagetotal = 46,
    year =      2018,
    month =     jun,
}

@misc{Tscho2005,
    series =    {Request for Comments},
    number =    4279,
    howpublished =  {RFC 4279},
    publisher = {RFC Editor},
    doi =       {10.17487/RFC4279},
    url =       {https://www.rfc-editor.org/info/rfc4279},
    author =    {Hannes Tschofenig and Pasi Eronen},
    title =     {{Pre-Shared Key Ciphersuites for Transport Layer Security (TLS)}},
    pagetotal = 15,
    year =      2005,
    month =     dec,
}

@article{John2010,
    title = {Passive internet measurement: Overview and guidelines based on experiences},
    journal = {Computer Communications},
    volume = {33},
    number = {5},
    pages = {533-550},
    year = {2010},
    issn = {0140-3664},
    doi = {https://doi.org/10.1016/j.comcom.2009.10.021},
    url = {https://www.sciencedirect.com/science/article/pii/S0140366409002886},
    author = {Wolfgang John and Sven Tafvelin and Tomas Olovsson},
    keywords = {Internet, Backbone, Monitoring, Passive, Guidelines, Measurement},
}

@ARTICLE{William2001,
  author={Williamson, C.},
  journal={IEEE Internet Computing}, 
  title={{Internet traffic measurement}}, 
  year={2001},
  volume={5},
  number={6},
  pages={70-74},
  keywords={Internet;Telecommunication traffic;IP networks;Streaming media;Application software;Electronic commerce;Transport protocols;Software measurement;Hardware;Reverse engineering},
  doi={10.1109/4236.968834}
}

@article{Medi2005,
    author = {Medina, Alberto and Allman, Mark and Floyd, Sally},
    title = {Measuring the evolution of transport protocols in the internet},
    year = {2005},
    issue_date = {April 2005},
    publisher = {Association for Computing Machinery},
    address = {New York, NY, USA},
    volume = {35},
    number = {2},
    issn = {0146-4833},
    url = {https://doi.org/10.1145/1064413.1064418},
    doi = {10.1145/1064413.1064418},
    journal = {SIGCOMM Comput. Commun. Rev.},
    month = {apr},
    pages = {37–52},
    numpages = {16},
    keywords = {Internet, TCP, evolution, middleboxes}
}

@inproceedings{Allman2003,
    author = {Allman, Mark},
    title = {On the performance of middleboxes},
    year = {2003},
    isbn = {1581137737},
    publisher = {Association for Computing Machinery},
    address = {New York, NY, USA},
    url = {https://doi.org/10.1145/948205.948246},
    doi = {10.1145/948205.948246},
    booktitle = {Proceedings of the 3rd ACM SIGCOMM Conference on Internet Measurement},
    pages = {307–312},
    numpages = {6},
    keywords = {TCP performance, firewalls, middleboxes},
    location = {Miami Beach, FL, USA},
    series = {IMC '03}
}

@misc{Fair2021,
    series =    {Request for Comments},
    number =    9065,
    howpublished =  {RFC 9065},
    publisher = {RFC Editor},
    doi =       {10.17487/RFC9065},
    url =       {https://www.rfc-editor.org/info/rfc9065},
    author =    {Gorry Fairhurst and Colin Perkins},
    title =     {{Considerations around Transport Header Confidentiality, Network Operations, and the Evolution of Internet Transport Protocols}},
    pagetotal = 37,
    year =      2021,
    month =     jul,
}

@misc{Postel1981,
    series =    {Request for Comments},
    number =    793,
    howpublished =  {RFC 793},
    publisher = {RFC Editor},
    doi =       {10.17487/RFC0793},
    url =       {https://www.rfc-editor.org/info/rfc793},
    author =    {},
    title =     {{Transmission Control Protocol}},
    pagetotal = 91,
    year =      1981,
    month =     sep,
    abstract =  {},
}

@InProceedings{Rahoum2020,
    author= {Rahouma, Kamel H. and Abdul-Karim, Mona Sayed and Nasr, Khalid Salih},
    editor= {Ghalwash, Atef Zaki and El Khameesy, Nashaat and Magdi, Dalia A. and Joshi, Amit},
    title={{TCP/IP Network Layers and Their Protocols (A Survey)}},
    booktitle= {{Internet of Things---Applications and Future}},
    year= {2020},
    publisher={Springer},
    address= {Singapore},
    pages= {287--323},
    isbn= {978-981-15-3075-3}
}



@inproceedings{Fisch2014,
    author = {Fischlin, Marc and G\"{u}nther, Felix},
    title = {{Multi-Stage Key Exchange and the Case of Google's QUIC Protocol}},
    year = {2014},
    isbn = {9781450329576},
    publisher = {Association for Computing Machinery},
    address = {New York, NY, USA},
    url = {https://doi.org/10.1145/2660267.2660308},
    doi = {10.1145/2660267.2660308},
    booktitle = {Proceedings of the 2014 ACM SIGSAC Conference on Computer and Communications Security},
    pages = {1193–1204},
    numpages = {12},
    keywords = {quic, protocol analysis, key exchange, composition, bellare-rogaway},
    location = {Scottsdale, Arizona, USA},
    series = {CCS '14}
}

@techreport{Resc2012,
  title={Datagram transport layer security version 1.2},
  author={Rescorla, Eric and Modadugu, Nagendra},
  year={2012}
}

@inproceedings{Liu2023,
    author = {Liu, Fan and Crowley, Patrick},
    title = {{Security and Performance Characteristics of QUIC and HTTP/3}},
    year = {2023},
    isbn = {9798400704031},
    publisher = {Association for Computing Machinery},
    address = {New York, NY, USA},
    url = {https://doi.org/10.1145/3623565.3623757},
    doi = {10.1145/3623565.3623757},
    booktitle = {Proceedings of the 10th ACM Conference on Information-Centric Networking},
    pages = {124–126},
    numpages = {3},
    keywords = {QUIC, HTTP/3, transport protocol, HTTP/2},
    location = {Reykjavik, Iceland},
    series = {ACM ICN '23}
}

@INPROCEEDINGS{Lychev2015,
  author={Lychev, Robert and Jero, Samuel and Boldyreva, Alexandra and Nita-Rotaru, Cristina},
  booktitle={2015 IEEE Symposium on Security and Privacy}, 
  title={{How Secure and Quick is QUIC? Provable Security and Performance Analyses}}, 
  year={2015},
  volume={},
  number={},
  pages={214-231},
  keywords={Protocols;Servers;Encryption;IP networks;Public key},
  doi={10.1109/SP.2015.21}
}

@INPROCEEDINGS{Nepomu2018,
  author={Nepomuceno, Késsia and Oliveira, Igor Nogueira de and Aschoff, Rafael Roque and Bezerra, Daniel and Ito, Maria Silvia and Melo, Wesley and Sadok, Djamel and Szabó, Géza},
  booktitle={2018 IEEE Symposium on Computers and Communications (ISCC)}, 
  title={{QUIC and TCP: A Performance Evaluation}}, 
  year={2018},
  volume={},
  number={},
  pages={00045-00051},
  keywords={Internet;Web pages;Google;Servers;Transport protocols;Packet loss;QUIC;TCP;Page Load Time},
  doi={10.1109/ISCC.2018.8538687}
}


@inproceedings{Kakh2017,
    author = {Kakhki, Arash Molavi and Jero, Samuel and Choffnes, David and Nita-Rotaru, Cristina and Mislove, Alan},
    title = {{Taking a long look at QUIC: an approach for rigorous evaluation of rapidly evolving transport protocols}},
    year = {2017},
    isbn = {9781450351188},
    publisher = {Association for Computing Machinery},
    address = {New York, NY, USA},
    url = {https://doi.org/10.1145/3131365.3131368},
    doi = {10.1145/3131365.3131368},
    booktitle = {Proceedings of the 2017 Internet Measurement Conference},
    pages = {290–303},
    numpages = {14},
    keywords = {QUIC, transport-layer performance},
    location = {London, United Kingdom},
    series = {IMC '17}
}


@inproceedings{Grat2016,
  author = {Gratzer, Florian},
  title = {{{QUIC} - Quick {UDP} Internet Connections}},
  booktitle = {Proceedings of the Seminars Future Internet ({FI}) and Innovative Internet Technologies and Mobile Communications ({IITM}), Summer Semester 2016},
  year = {2016},
  editor = {Carle, Georg and Raumer, Daniel and Schwaighofer, Lukas},
  volume = {NET-2016-09-1},
  series = {Network Architectures and Services ({NET})},
  pages = {39--46},
  address = {Munich, Germany},
  month = sep,
  publisher = {Chair for Network Architectures and Services, Department of Computer Science, Technische Universit{\"a}t M{\"u}nchen},
  doi = {10.2313/NET-2016-09-1_06},
  timestamp = {2016.09.15},
  pdf = {https://www.net.in.tum.de/fileadmin/TUM/NET/NET-2016-09-1/NET-2016-09-1_06.pdf},
  month_numeric = {9},
  url = {https://doi.org/10.2313/NET-2016-09-1_06}
}

@techreport{Iyen2015,
    number =    {draft-tsvwg-quic-loss-recovery-01},
    type =      {Internet-Draft},
    institution =   {Internet Engineering Task Force},
    publisher = {Internet Engineering Task Force},
    note =      {Work in Progress},
    url =       {https://datatracker.ietf.org/doc/draft-tsvwg-quic-loss-recovery/01/},
    author =    {Jana Iyengar and Ian Swett},
    title =     {{QUIC Loss Recovery And Congestion Control}},
    pagetotal = 8,
    year =      2015,
    month =     dec,
    day =       18,
}

@inproceedings{Wang2018,
    author = {Wang, Peng and Bianco, Carmine and Riihij\"{a}rvi, Janne and Petrova, Marina},
    title = {{Implementation and Performance Evaluation of the QUIC Protocol in Linux Kernel}},
    year = {2018},
    isbn = {9781450359603},
    publisher = {Association for Computing Machinery},
    address = {New York, NY, USA},
    url = {https://doi.org/10.1145/3242102.3242106},
    doi = {10.1145/3242102.3242106},
    booktitle = {Proceedings of the 21st ACM International Conference on Modeling, Analysis and Simulation of Wireless and Mobile Systems},
    pages = {227–234},
    numpages = {8},
    keywords = {kernel implementation, measurements, open source, quic, tcp, wlan},
    location = {Montreal, QC, Canada},
    series = {MSWIM '18}
}

@inproceedings{Hertel2022,
    author = {Hertelli, Salim},
    title = {{Comparison of Different {QUIC} Implementations}},
    booktitle = {Proceedings of the Seminar Innovative Internet Technologies and Mobile Communications ({IITM}), Winter Semester 2021/2022},
    year = {2022},
    editor = {Carle, Georg and G{\"u}nther, Stephan and Jaeger, Benedikt},
    volume = {NET-2022-07-1},
    series = {Network Architectures and Services ({NET})},
    pages = {7--11},
    address = {Munich, Germany},
    month = may,
    publisher = {Chair of Network Architectures and Services, Department of Computer Science, Technical University of Munich},
    doi = {10.2313/NET-2022-07-1_02},
    timestamp = {2022.05.01},
    pdf = {https://www.net.in.tum.de/fileadmin/TUM/NET/NET-2022-07-1/NET-2022-07-1_02.pdf},
    month_numeric = {5},
    url = {https://doi.org/10.2313/NET-2022-07-1_02}
}

@techreport{Marx2024qlog,
    number =   {draft-ietf-quic-qlog-main-schema-08},
    type =      {Internet-Draft},
    institution =   {Internet Engineering Task Force},
    publisher = {Internet Engineering Task Force},
    note =      {Work in Progress},
    url =       {https://datatracker.ietf.org/doc/draft-ietf-quic-qlog-main-schema/08/},
    author =    {Robin Marx and Luca Niccolini and Marten Seemann and Lucas Pardue},
    title =     {{Main logging schema for qlog}},
    pagetotal = 44,
    year =      2024,
    month =     mar,
    day =       4,
}

@techreport{Marx2024quic,
    number =    {draft-ietf-quic-qlog-quic-events-07},
    type =      {Internet-Draft},
    institution =   {Internet Engineering Task Force},
    publisher = {Internet Engineering Task Force},
    note =      {Work in Progress},
    url =       {https://datatracker.ietf.org/doc/draft-ietf-quic-qlog-quic-events/07/},
    author =    {Robin Marx and Luca Niccolini and Marten Seemann and Lucas Pardue},
    title =     {{QUIC event definitions for qlog}},
    pagetotal = 60,
    year =      2024,
    month =     mar,
    day =       4,
}

@misc{Will2015,
    series =    {Request for Comments},
    number =    7464,
    howpublished =  {RFC 7464},
    publisher = {RFC Editor},
    doi =       {10.17487/RFC7464},
    url =       {https://www.rfc-editor.org/info/rfc7464},
    author =    {Nicolás Williams},
    title =     {{JavaScript Object Notation (JSON) Text Sequences}},
    pagetotal = 8,
    year =      2015,
    month =     feb,
}

@ARTICLE{Shreed2022,
  author={Shreedhar, Tanya and Panda, Rohit and Podanev, Sergey and Bajpai, Vaibhav},
  journal={IEEE Transactions on Network and Service Management}, 
  title={{Evaluating QUIC Performance Over Web, Cloud Storage, and Video Workloads}}, 
  year={2022},
  volume={19},
  number={2},
  pages={1366-1381},
  keywords={Internet;Protocols;Streaming media;Cloud computing;Throughput;Servers;Middleboxes;Content delivery networks (CDN);transmission control protocol (TCP);transport layer security (TLS);QUIC;internet engineering task force (IETF);application workloads},
  doi={10.1109/TNSM.2021.3134562}
}

@INPROCEEDINGS{Goyal2017,
  author={Goyal, Piyush and Goyal, Anurag},
  booktitle={2017 9th International Conference on Computational Intelligence and Communication Networks (CICN)}, 
  title={{Comparative study of two most popular packet sniffing tools-Tcpdump and Wireshark}}, 
  year={2017},
  volume={},
  number={},
  pages={77-81},
  keywords={Tools;Monitoring;Batteries;Protocols;Memory management;Computer hacking;Sensors;Packet Sniffer;Promiscuous mode;Wireshark;Tcpdump;Monitor mode;Network sensing},
  doi={10.1109/CICN.2017.8319360}
}

@misc{Postel1980,
    series =    {Request for Comments},
    number =    768,
    howpublished =  {RFC 768},
    publisher = {RFC Editor},
    doi =       {10.17487/RFC0768},
    url =       {https://www.rfc-editor.org/info/rfc768},
    author =    {},
    title =     {{User Datagram Protocol}},
    pagetotal = 3,
    year =      1980,
    month =     aug,
    abstract =  {},
}